@misc{rijke,
      title={Introduction to Homotopy Type Theory}, 
      author={Egbert Rijke},
      year={2022},
      eprint={2212.11082},
      archivePrefix={arXiv},
      primaryClass={math.LO},
      url={https://arxiv.org/abs/2212.11082}, 
}

@book{hott,
  title={Homotopy type theory: Univalent foundations of mathematics},
  author={The Univalent Foundations Program},
  place={Institute for Advanced Study},
  year={2013},
  publisher={\url{https://homotopytypetheory.org/book}}
}

@book{Sym,
  title={Symmetry},
  author={M. Bezem and U. Buchholtz and P. Cagne and B.I. Dundas and D.R. Grayson},
  url={https://unimath.github.io/SymmetryBook/book.pdf}
}

